@article{aronov2010small,
  title={Small-Size $\backslash$eps-Nets for Axis-Parallel Rectangles and Boxes},
  author={Aronov, Boris and Ezra, Esther and Sharir, Micha},
  journal={SIAM Journal on Computing},
  volume={39},
  number={7},
  pages={3248--3282},
  year={2010},
  publisher={SIAM}
}

@article{pan2014hittingset,
  title={Near-Linear Algorithms for Geometric Hitting Sets and Set
Covers},
  author={Agarwal, Pankaj K and Pan, Jiangwei},
  journal={Proceedings of the 30th Annual Symposium on Computational Geometry},
  year={2014}
}

@book{har2011geometric,
  title={Geometric approximation algorithms},
  author={Har-Peled, Sariel},
  volume={173},
  year={2011},
  publisher={American Mathematical Soc.}
}

