@article{herrera2012joint,
  title={Joint depth and color camera calibration with distortion correction},
  author={Herrera, C and Kannala, Juho and others},
  journal={Pattern Analysis and Machine Intelligence, IEEE Transactions on},
  volume={34},
  number={10},
  pages={2058--2064},
  year={2012},
  publisher={IEEE}
}

@article{chow2012performance,
  title={Performance analysis of a low-cost triangulation-based 3D camera: Microsoft Kinect system},
  author={Chow, JCK and Ang, KD and Lichti, DD and Teskey, W},
  journal={The International Archives of the Photogrammetry, Remote Sensing and Spatial Information Sciences (IAPRS\&SIS)},
  volume={39},
  number={Part B},
  pages={5},
  year={2012}
}


@article{khoshelham2012accuracy,
  title={Accuracy and resolution of kinect depth data for indoor mapping applications},
  author={Khoshelham, Kourosh and Elberink, Sander Oude},
  journal={Sensors},
  volume={12},
  number={2},
  pages={1437--1454},
  year={2012},
  publisher={Molecular Diversity Preservation International}
}

@inproceedings{maimone2012reducing,
  title={Reducing interference between multiple structured light depth sensors using motion},
  author={Maimone, Andrew and Fuchs, Henry},
  booktitle={Virtual Reality Workshops (VR), 2012 IEEE},
  pages={51--54},
  year={2012},
  organization={IEEE}
}


@inproceedings{menna2011geometric,
  title={Geometric investigation of a gaming active device},
  author={Menna, Fabio and Remondino, Fabio and Battisti, Roberto and Nocerino, Erica},
  booktitle={SPIE Optical Metrology},
  pages={80850G--80850G},
  year={2011},
  organization={International Society for Optics and Photonics}
}

@inproceedings{marvel2012performance,
  title={Performance evaluation of consumer-grade 3D sensors for static 6DOF pose estimation systems},
  author={Marvel, JA and Franaszek, M and Wilson, JL and Hong, T},
  booktitle={SPIE Optical Engineering+ Applications},
  pages={849905--849905},
  year={2012},
  organization={International Society for Optics and Photonics}
}

%howpublished = {url{http://www.ros.org/wiki/kinect_calibration/technical}}
@misc{KonoligeCalibrationTechnical,
  author = {Kurt Konolige, Patrick Mihelich},
  title = {Technical description of Kinect calibration},
  month = {April},
  year = {2013},
  url = {"http://www.ros.org/wiki/kinect_calibration/technical"}
}

%TODO: http://nicolas.burrus.name/index.php/Research/KinectCalibration
